
@misc{RESNET50V2,
  doi = {10.48550/ARXIV.1603.05027},
  url = {https://arxiv.org/abs/1603.05027},
  author = {He, Kaiming and Zhang, Xiangyu and Ren, Shaoqing and Sun, Jian},
  keywords = {Computer Vision and Pattern Recognition (cs.CV), Machine Learning (cs.LG), FOS: Computer and information sciences, FOS: Computer and information sciences},
  title = {Identity Mappings in Deep Residual Networks},
  publisher = {arXiv},
  year = {2016},
  copyright = {arXiv.org perpetual, non-exclusive license}
}



@misc{VGG16,
  doi = {10.48550/ARXIV.1409.1556},
  url = {https://arxiv.org/abs/1409.1556},
  author = {Simonyan, Karen and Zisserman, Andrew},
  keywords = {Computer Vision and Pattern Recognition (cs.CV), FOS: Computer and information sciences, FOS: Computer and information sciences},
  title = {Very Deep Convolutional Networks for Large-Scale Image Recognition},
  publisher = {arXiv},
  year = {2014},
  copyright = {arXiv.org perpetual, non-exclusive license}
}


@inproceedings{Reyes_2018,
	doi = {10.1109/ijcnn.2018.8489627},
	url = {https://doi.org/10.1109\%2Fijcnn.2018.8489627},
	year = 2018,
	month = {jul},
	publisher = {{IEEE}
},
	author = {Esteban Reyes and Pablo A. Estevez and Ignacio Reyes and Guillermo Cabrera-Vives and Pablo Huijse and Rodrigo Carrasco and Francisco Forster},
	title = {Enhanced Rotational Invariant Convolutional Neural Network for Supernovae Detection},
	booktitle = {2018 International Joint Conference on Neural Networks ({IJCNN})}
}


@article{Carrasco_Davis_2019,
	doi = {10.1088/1538-3873/aaef12},
	url = {https://doi.org/10.1088\%2F1538-3873\%2Faaef12},
	year = 2019,
	month = {sep},
	publisher = {{IOP} Publishing},
	volume = {131},
	number = {1004},
	pages = {108006},
	author = {Rodrigo Carrasco-Davis and Guillermo Cabrera-Vives and Francisco Förster and Pablo A. Estévez and Pablo Huijse and Pavlos Protopapas and Ignacio Reyes and Jorge Martínez-Palomera and Cristóbal Donoso},
	title = {Deep Learning for Image Sequence Classification of Astronomical Events},
	journal = {Publications of the Astronomical Society of the Pacific}
}

@article{Sedaghat_2018,
	doi = {10.1093/mnras/sty613},
	url = {https://doi.org/10.1093\%2Fmnras\%2Fsty613},
	year = 2018,
	month = {apr},
	publisher = {Oxford University Press ({OUP})},
	volume = {476},
	number = {4},
	pages = {5365--5376},
	author = {Nima Sedaghat and Ashish Mahabal},
	title = {Effective image differencing with convolutional neural networks for real-time transient hunting},
	journal = {Monthly Notices of the Royal Astronomical Society}
}
@article{DBLP:journals/corr/abs-2105-00937,
  author    = {Kwang Hee Lee and
               Chaewon Park and
               Junghyun Oh and
               Nojun Kwak},
  title     = {{LFI-CAM:} Learning Feature Importance for Better Visual Explanation},
  journal   = {CoRR},
  volume    = {abs/2105.00937},
  year      = {2021},
  url       = {https://arxiv.org/abs/2105.00937},
  eprinttype = {arXiv},
  eprint    = {2105.00937},
  timestamp = {Wed, 12 May 2021 15:54:31 +0200},
  biburl    = {https://dblp.org/rec/journals/corr/abs-2105-00937.bib},
  bibsource = {dblp computer science bibliography, https://dblp.org}
}


@article{Goldstein_2015,
   title={AUTOMATED TRANSIENT IDENTIFICATION IN THE DARK ENERGY SURVEY},
   volume={150},
   ISSN={1538-3881},
   url={http://dx.doi.org/10.1088/0004-6256/150/3/82},
   DOI={10.1088/0004-6256/150/3/82},
   number={3},
   journal={The Astronomical Journal},
   publisher={IOP Publishing},
   author={Goldstein, D. A. and D’Andrea, C. B. and Fischer, J. A. and Foley, R. J. and Gupta, R. R. and Kessler, R. and Kim, A. G. and Nichol, R. C. and Nugent, P. E. and Papadopoulos, A. and et al.},
   year={2015},
   month={Aug},
   pages={82}
}
@INPROCEEDINGS{2011AAS...21720507S,
       author = {{Sako}, Masao and {Dark Energy Survey DES Supernova Working Group} and {DES Collaboration}},
        title = "{The DES Supernova Survey}",
    booktitle = {American Astronomical Society Meeting Abstracts \#217},
         year = 2011,
       series = {American Astronomical Society Meeting Abstracts},
       volume = {217},
        month = jan,
          eid = {205.07},
        pages = {205.07},
       adsurl = {https://ui.adsabs.harvard.edu/abs/2011AAS...21720507S},
      adsnote = {Provided by the SAO/NASA Astrophysics Data System}
}

@article{Hambleton_2020,
	doi = {10.3847/2515-5172/ab8129},
	url = {https://doi.org/10.3847/2515-5172/ab8129},
	year = 2020,
	month = {mar},
	publisher = {American Astronomical Society},
	volume = {4},
	number = {3},
	pages = {40},
	author = {K. Hambleton and F. Bianco and G. Clementini and M. Dall'Ora and R. Egeland and N. Hernitschek and M. B. Lund and I. Musella and A. Pr{\v{s}}a and V. Ripepi and K. G. Stassun and R. A. Street and R. Szab{\'{o}} and},
	title = {Impact of Rubin Observatory {LSST} Template Acquisition Strategies on Early Science from the Transients and Variable Stars Science Collaboration: Non-time-critical Science Cases},
	journal = {Research Notes of the {AAS}},
	abstract = {}
}
@ARTICLE{DES,
       author = {{The Dark Energy Survey Collaboration}},
        title = "{The Dark Energy Survey}",
      journal = {arXiv e-prints},
     keywords = {Astrophysics},
         year = 2005,
        month = oct,
          eid = {astro-ph/0510346},
        pages = {astro-ph/0510346},
archivePrefix = {arXiv},
       eprint = {astro-ph/0510346},
 primaryClass = {astro-ph},
       adsurl = {https://ui.adsabs.harvard.edu/abs/2005astro.ph.10346T},
      adsnote = {Provided by the SAO/NASA Astrophysics Data System}
}



@article{DBLP:journals/corr/abs-1803-08375,
  author    = {Abien Fred Agarap},
  title     = {Deep Learning using Rectified Linear Units (ReLU)},
  journal   = {CoRR},
  volume    = {abs/1803.08375},
  year      = {2018},
  url       = {http://arxiv.org/abs/1803.08375},
  archivePrefix = {arXiv},
  eprint    = {1803.08375},
  timestamp = {Mon, 13 Aug 2018 16:47:13 +0200},
  biburl    = {https://dblp.org/rec/journals/corr/abs-1803-08375.bib},
  bibsource = {dblp computer science bibliography, https://dblp.org}
}



@article{Tomaney_1996,
   title={Expanding the Realm of Microlensing Surveys with Difference Image Photometry},
   volume={112},
   ISSN={0004-6256},
   url={http://dx.doi.org/10.1086/118228},
   DOI={10.1086/118228},
   journal={The Astronomical Journal},
   publisher={American Astronomical Society},
   author={Tomaney, Austin B. and Crotts, Arlin P. S.},
   year={1996},
   month={Dec},
   pages={2872}
}


@inproceedings{10.5555/2999134.2999257,
author = {Krizhevsky, Alex and Sutskever, Ilya and Hinton, Geoffrey E.},
title = {ImageNet Classification with Deep Convolutional Neural Networks},
year = {2012},
publisher = {Curran Associates Inc.},
address = {Red Hook, NY, USA},
booktitle = {Proceedings of the 25th International Conference on Neural Information Processing Systems - Volume 1},
pages = {1097–1105},
numpages = {9},
location = {Lake Tahoe, Nevada},
series = {NIPS'12}
}

@book{nielsen_NN,
author = "Michael A. Nielsen",
title = "Neural Network and Deep Learning",
publisher = "Determination Press",
year = "2015"
}


@article{tsnepaper_1,
   title={Stochastic Neighbor Embedding},
   url={https://cs.nyu.edu/~roweis/papers/sne_final.pdf},
   publisher={NYU Computer Science},
   author={Geoffrey Hinton and Sam Roweis.},
   year = {2018}
}

@article{dbscanpaper_1,
   title={DBSCAN Revisited, Revisited:
Why and How You Should (Still) Use DBSCAN},
   url={https://www.ccs.neu.edu/home/vip/teach/DMcourse/2_cluster_EM_mixt/notes_slides/revisitofrevisitDBSCAN.pdf},
   publisher={ACM Transactions on Database Systems},
   volume    = {42},
number={3},
   month={Jul},
   year = {2017},
   author={Erich Schubert and Jörg Sander and Martin Ester and 
Hans-Peter Kriegel and
Xiaowei Xu}
}


@book{python_data_handbook,
author = "Jake VanderPlas",
title = "Python Data Science Handbook: Essential Tools for Working with Data.",
publisher = "O'Reilley",
year = "2017"
}

@article{S_nchez_2019,
   title={Machine learning on difference image analysis: A comparison of methods for transient detection},
   volume={28},
   ISSN={2213-1337},
   url={http://dx.doi.org/10.1016/j.ascom.2019.05.002},
   DOI={10.1016/j.ascom.2019.05.002},
   journal={Astronomy and Computing},
   publisher={Elsevier BV},
   author={Sánchez, B. and Domínguez R., M.J. and Lares, M. and Beroiz, M. and Cabral, J.B. and Gurovich, S. and Quiñones, C. and Artola, R. and Colazo, C. and Schneiter, M. and et al.},
   year={2019},
   month={Jul},
   pages={100284}
}


@article{Mong_2020,
   title={Machine learning for transient recognition in difference imaging with minimum sampling effort},
   volume={499},
   ISSN={1365-2966},
   url={http://dx.doi.org/10.1093/mnras/staa3096},
   DOI={10.1093/mnras/staa3096},
   number={4},
   journal={Monthly Notices of the Royal Astronomical Society},
   publisher={Oxford University Press (OUP)},
   author={Mong, Y-L and Ackley, K and Galloway, D K and Killestein, T and Lyman, J and Steeghs, D and Dhillon, V and O’Brien, P T and Ramsay, G and Poshyachinda, S and et al.},
   year={2020},
   month={Oct},
   pages={6009–6017}
}

@article{Gieseke_2017,
   title={Convolutional neural networks for transient candidate vetting in large-scale surveys},
   volume={472},
   ISSN={1365-2966},
   url={http://dx.doi.org/10.1093/mnras/stx2161},
   DOI={10.1093/mnras/stx2161},
   number={3},
   journal={Monthly Notices of the Royal Astronomical Society},
   publisher={Oxford University Press (OUP)},
   author={Gieseke, Fabian and Bloemen, Steven and van den Bogaard, Cas and Heskes, Tom and Kindler, Jonas and Scalzo, Richard A. and Ribeiro, Valério A. R. M. and van Roestel, Jan and Groot, Paul J. and Yuan, Fang and et al.},
   year={2017},
   month={Aug},
   pages={3101–3114}
}

@INPROCEEDINGS{Cabrera_2016,
  author={Cabrera-Vives, Guillermo and Reyes, Ignacio and Förster, Francisco and Estévez, Pablo A. and Maureira, Juan-Carlos},
  booktitle={2016 International Joint Conference on Neural Networks (IJCNN)}, 
  title={Supernovae detection by using convolutional neural networks}, 
  year={2016},
  volume={},
  number={},
  pages={251-258},
  doi={10.1109/IJCNN.2016.7727206}}

@article{Cabrera_Vives_2017,
	doi = {10.3847/1538-4357/836/1/97},
	url = {https://doi.org/10.3847/1538-4357/836/1/97},
	year = 2017,
	month = {feb},
	publisher = {American Astronomical Society},
	volume = {836},
	number = {1},
	pages = {97},
	author = {Guillermo Cabrera-Vives and Ignacio Reyes and Francisco Förster and Pablo A. Est{\'{e}}vez and Juan-Carlos Maureira},
	title = {Deep-{HiTS}: Rotation Invariant Convolutional Neural Network for Transient Detection},
	journal = {The Astrophysical Journal}
}

@article{Liu_2019,
	doi = {10.1088/1674-4527/19/3/42},
	url = {https://doi.org/10.1088/1674-4527/19/3/42},
	year = 2019,
	month = {mar},
	publisher = {{IOP} Publishing},
	volume = {19},
	number = {3},
	pages = {042},
	author = {Wei Liu and Meng Zhu and Cong Dai and Bing-Yi Wang and Kang Wu and Xian-Chuan Yu and Wen-Wu Tian and Meng-Fei Zhang and Hong-Feng Wang},
	title = {A deep learning approach for detecting candidates of supernova remnants},
	journal = {Research in Astronomy and Astrophysics},
}

@misc{wardega2020detecting,
      title={Detecting optical transients using artificial neural networks and reference images from different surveys}, 
      author={Katarzyna Wardęga and Adam Zadrożny and Martin Beroiz and Richard Camuccio and Mario C. Díaz},
      year={2020},
      eprint={2009.14614},
      archivePrefix={arXiv},
      primaryClass={astro-ph.IM}
}


@article{Kessler_2015,
   title={THE DIFFERENCE IMAGING PIPELINE FOR THE TRANSIENT SEARCH IN THE DARK ENERGY SURVEY},
   volume={150},
   ISSN={1538-3881},
   url={http://dx.doi.org/10.1088/0004-6256/150/6/172},
   DOI={10.1088/0004-6256/150/6/172},
   number={6},
   journal={The Astronomical Journal},
   publisher={American Astronomical Society},
   author={Kessler, R. and Marriner, J. and Childress, M. and Covarrubias, R. and D’Andrea, C. B. and Finley, D. A. and Fischer, J. and Foley, R. J. and Goldstein, D. and Gupta, R. R. and et al.},
   year={2015},
   month={Nov},
   pages={172}
}

@article{Zackay_2017,
	doi = {10.3847/1538-4357/836/2/188},
	url = {https://doi.org/10.3847/1538-4357/836/2/188},
	year = 2017,
	month = {feb},
	publisher = {American Astronomical Society},
	volume = {836},
	number = {2},
	pages = {188},
	author = {Barak Zackay and Eran O. Ofek},
	title = {How to {COAAD} Images. {II}. A Coaddition Image that is Optimal for Any Purpose in the Background-dominated Noise Limit},
	journal = {The Astrophysical Journal}
}

@article{Alard_1998,
	doi = {10.1086/305984},
	url = {https://doi.org/10.1086/305984},
	year = 1998,
	month = {aug},
	publisher = {American Astronomical Society},
	volume = {503},
	number = {1},
	pages = {325--331},
	author = {C. Alard and Robert H. Lupton},
	title = {A Method for Optimal Image Subtraction},
	journal = {The Astrophysical Journal}
}


@misc{carrascodavis2021alert,
      title={Alert Classification for the ALeRCE Broker System: The Real-time Stamp Classifier}, 
      author={Rodrigo Carrasco-Davis and Esteban Reyes and Camilo Valenzuela and Francisco Förster and Pablo A. Estévez and Giuliano Pignata and Franz E. Bauer and Ignacio Reyes and Paula Sánchez-Sáez and Guillermo Cabrera-Vives and Susana Eyheramendy and Márcio Catelan and Javier Arredondo and Ernesto Castillo-Navarrete and Diego Rodríguez-Mancini and Daniela Ruz-Mieres and Alberto Moya and Luis Sabatini-Gacitúa and Cristóbal Sepúlveda-Cobo and Ashish A. Mahabal and Javier Silva-Farfán and Ernesto Camacho-Iñiquez and Lluís Galbany},
      year={2021},
      eprint={2008.03309},
      archivePrefix={arXiv},
      primaryClass={astro-ph.IM}
}
@INPROCEEDINGS{5206848,
  author={Deng, Jia and Dong, Wei and Socher, Richard and Li, Li-Jia and Kai Li and Li Fei-Fei},
  booktitle={2009 IEEE Conference on Computer Vision and Pattern Recognition}, 
  title={ImageNet: A large-scale hierarchical image database}, 
  year={2009},
  volume={},
  number={},
  pages={248-255},
  doi={10.1109/CVPR.2009.5206848}}

@ARTICLE{lsst,
       author = {{Ivezi{\'c}}, {\v{Z}}eljko and {Kahn}, Steven M. and
         {Tyson}, J. Anthony and {Abel}, Bob and {Acosta}, Emily and
         {Allsman}, Robyn and {Alonso}, David and {AlSayyad}, Yusra and
         {Anderson}, Scott F. and {Andrew}, John and {Angel}, James Roger P. and
         {Angeli}, George Z. and {Ansari}, Reza and {Antilogus}, Pierre and
         {Araujo}, Constanza and {Armstrong}, Robert and {Arndt}, Kirk T. and
         {Astier}, Pierre and {Aubourg}, {\'E}ric and {Auza}, Nicole and
         {Axelrod}, Tim S. and {Bard}, Deborah J. and {Barr}, Jeff D. and
         {Barrau}, Aurelian and {Bartlett}, James G. and {Bauer}, Amanda E. and
         {Bauman}, Brian J. and {Baumont}, Sylvain and {Bechtol}, Ellen and
         {Bechtol}, Keith and {Becker}, Andrew C. and {Becla}, Jacek and
         {Beldica}, Cristina and {Bellavia}, Steve and {Bianco}, Federica B. and
         {Biswas}, Rahul and {Blanc}, Guillaume and {Blazek}, Jonathan and {Bland
        ford}, Roger D. and {Bloom}, Josh S. and {Bogart}, Joanne and
         {Bond}, Tim W. and {Booth}, Michael T. and {Borgland}, Anders W. and
         {Borne}, Kirk and {Bosch}, James F. and {Boutigny}, Dominique and
         {Brackett}, Craig A. and {Bradshaw}, Andrew and {Brand
        t}, William Nielsen and {Brown}, Michael E. and {Bullock}, James S. and
         {Burchat}, Patricia and {Burke}, David L. and {Cagnoli}, Gianpietro and
         {Calabrese}, Daniel and {Callahan}, Shawn and {Callen}, Alice L. and
         {Carlin}, Jeffrey L. and {Carlson}, Erin L. and {Chand
        rasekharan}, Srinivasan and {Charles-Emerson}, Glenaver and
         {Chesley}, Steve and {Cheu}, Elliott C. and {Chiang}, Hsin-Fang and
         {Chiang}, James and {Chirino}, Carol and {Chow}, Derek and
         {Ciardi}, David R. and {Claver}, Charles F. and {Cohen-Tanugi}, Johann and
         {Cockrum}, Joseph J. and {Coles}, Rebecca and {Connolly}, Andrew J. and
         {Cook}, Kem H. and {Cooray}, Asantha and {Covey}, Kevin R. and
         {Cribbs}, Chris and {Cui}, Wei and {Cutri}, Roc and {Daly}, Philip N. and
         {Daniel}, Scott F. and {Daruich}, Felipe and {Daubard}, Guillaume and
         {Daues}, Greg and {Dawson}, William and {Delgado}, Francisco and
         {Dellapenna}, Alfred and {de Peyster}, Robert and
         {de Val-Borro}, Miguel and {Digel}, Seth W. and {Doherty}, Peter and
         {Dubois}, Richard and {Dubois-Felsmann}, Gregory P. and
         {Durech}, Josef and {Economou}, Frossie and {Eifler}, Tim and
         {Eracleous}, Michael and {Emmons}, Benjamin L. and
         {Fausti Neto}, Angelo and {Ferguson}, Henry and {Figueroa}, Enrique and
         {Fisher-Levine}, Merlin and {Focke}, Warren and {Foss}, Michael D. and
         {Frank}, James and {Freemon}, Michael D. and {Gangler}, Emmanuel and
         {Gawiser}, Eric and {Geary}, John C. and {Gee}, Perry and
         {Geha}, Marla and {Gessner}, Charles J.~B. and {Gibson}, Robert R. and
         {Gilmore}, D. Kirk and {Glanzman}, Thomas and {Glick}, William and
         {Goldina}, Tatiana and {Goldstein}, Daniel A. and {Goodenow}, Iain and
         {Graham}, Melissa L. and {Gressler}, William J. and {Gris}, Philippe and
         {Guy}, Leanne P. and {Guyonnet}, Augustin and {Haller}, Gunther and
         {Harris}, Ron and {Hascall}, Patrick A. and {Haupt}, Justine and {Hernand
        ez}, Fabio and {Herrmann}, Sven and {Hileman}, Edward and
         {Hoblitt}, Joshua and {Hodgson}, John A. and {Hogan}, Craig and
         {Howard}, James D. and {Huang}, Dajun and {Huffer}, Michael E. and
         {Ingraham}, Patrick and {Innes}, Walter R. and {Jacoby}, Suzanne H. and
         {Jain}, Bhuvnesh and {Jammes}, Fabrice and {Jee}, M. James and
         {Jenness}, Tim and {Jernigan}, Garrett and {Jevremovi{\'c}}, Darko and
         {Johns}, Kenneth and {Johnson}, Anthony S. and
         {Johnson}, Margaret W.~G. and {Jones}, R. Lynne and
         {Juramy-Gilles}, Claire and {Juri{\'c}}, Mario and {Kalirai}, Jason S. and
         {Kallivayalil}, Nitya J. and {Kalmbach}, Bryce and
         {Kantor}, Jeffrey P. and {Karst}, Pierre and {Kasliwal}, Mansi M. and
         {Kelly}, Heather and {Kessler}, Richard and {Kinnison}, Veronica and
         {Kirkby}, David and {Knox}, Lloyd and {Kotov}, Ivan V. and
         {Krabbendam}, Victor L. and {Krughoff}, K. Simon and
         {Kub{\'a}nek}, Petr and {Kuczewski}, John and {Kulkarni}, Shri and
         {Ku}, John and {Kurita}, Nadine R. and {Lage}, Craig S. and
         {Lambert}, Ron and {Lange}, Travis and {Langton}, J. Brian and
         {Le Guillou}, Laurent and {Levine}, Deborah and {Liang}, Ming and
         {Lim}, Kian-Tat and {Lintott}, Chris J. and {Long}, Kevin E. and
         {Lopez}, Margaux and {Lotz}, Paul J. and {Lupton}, Robert H. and
         {Lust}, Nate B. and {MacArthur}, Lauren A. and {Mahabal}, Ashish and {Mand
        elbaum}, Rachel and {Markiewicz}, Thomas W. and {Marsh}, Darren S. and
         {Marshall}, Philip J. and {Marshall}, Stuart and {May}, Morgan and
         {McKercher}, Robert and {McQueen}, Michelle and {Meyers}, Joshua and
         {Migliore}, Myriam and {Miller}, Michelle and {Mills}, David J. and
         {Miraval}, Connor and {Moeyens}, Joachim and {Moolekamp}, Fred E. and
         {Monet}, David G. and {Moniez}, Marc and {Monkewitz}, Serge and
         {Montgomery}, Christopher and {Morrison}, Christopher B. and
         {Mueller}, Fritz and {Muller}, Gary P. and
         {Mu{\~n}oz Arancibia}, Freddy and {Neill}, Douglas R. and
         {Newbry}, Scott P. and {Nief}, Jean-Yves and {Nomerotski}, Andrei and
         {Nordby}, Martin and {O'Connor}, Paul and {Oliver}, John and
         {Olivier}, Scot S. and {Olsen}, Knut and {O'Mullane}, William and
         {Ortiz}, Sandra and {Osier}, Shawn and {Owen}, Russell E. and
         {Pain}, Reynald and {Palecek}, Paul E. and {Parejko}, John K. and
         {Parsons}, James B. and {Pease}, Nathan M. and {Peterson}, J. Matt and
         {Peterson}, John R. and {Petravick}, Donald L. and
         {Libby Petrick}, M.~E. and {Petry}, Cathy E. and
         {Pierfederici}, Francesco and {Pietrowicz}, Stephen and {Pike}, Rob and
         {Pinto}, Philip A. and {Plante}, Raymond and {Plate}, Stephen and
         {Plutchak}, Joel P. and {Price}, Paul A. and {Prouza}, Michael and
         {Radeka}, Veljko and {Rajagopal}, Jayadev and {Rasmussen}, Andrew P. and
         {Regnault}, Nicolas and {Reil}, Kevin A. and {Reiss}, David J. and
         {Reuter}, Michael A. and {Ridgway}, Stephen T. and {Riot}, Vincent J. and
         {Ritz}, Steve and {Robinson}, Sean and {Roby}, William and
         {Roodman}, Aaron and {Rosing}, Wayne and {Roucelle}, Cecille and
         {Rumore}, Matthew R. and {Russo}, Stefano and {Saha}, Abhijit and
         {Sassolas}, Benoit and {Schalk}, Terry L. and {Schellart}, Pim and
         {Schindler}, Rafe H. and {Schmidt}, Samuel and {Schneider}, Donald P. and
         {Schneider}, Michael D. and {Schoening}, William and
         {Schumacher}, German and {Schwamb}, Megan E. and {Sebag}, Jacques and
         {Selvy}, Brian and {Sembroski}, Glenn H. and {Seppala}, Lynn G. and
         {Serio}, Andrew and {Serrano}, Eduardo and {Shaw}, Richard A. and
         {Shipsey}, Ian and {Sick}, Jonathan and {Silvestri}, Nicole and
         {Slater}, Colin T. and {Smith}, J. Allyn and {Smith}, R. Chris and
         {Sobhani}, Shahram and {Soldahl}, Christine and
         {Storrie-Lombardi}, Lisa and {Stover}, Edward and
         {Strauss}, Michael A. and {Street}, Rachel A. and
         {Stubbs}, Christopher W. and {Sullivan}, Ian S. and {Sweeney}, Donald and
         {Swinbank}, John D. and {Szalay}, Alexander and {Takacs}, Peter and
         {Tether}, Stephen A. and {Thaler}, Jon J. and {Thayer}, John Gregg and
         {Thomas}, Sandrine and {Thornton}, Adam J. and {Thukral}, Vaikunth and
         {Tice}, Jeffrey and {Trilling}, David E. and {Turri}, Max and
         {Van Berg}, Richard and {Vanden Berk}, Daniel and {Vetter}, Kurt and
         {Virieux}, Francoise and {Vucina}, Tomislav and {Wahl}, William and
         {Walkowicz}, Lucianne and {Walsh}, Brian and {Walter}, Christopher W. and
         {Wang}, Daniel L. and {Wang}, Shin-Yawn and {Warner}, Michael and
         {Wiecha}, Oliver and {Willman}, Beth and {Winters}, Scott E. and
         {Wittman}, David and {Wolff}, Sidney C. and {Wood-Vasey}, W. Michael and
         {Wu}, Xiuqin and {Xin}, Bo and {Yoachim}, Peter and {Zhan}, Hu},
        title = "{LSST: From Science Drivers to Reference Design and Anticipated Data Products}",
      journal = {\apj},
     keywords = {astrometry, cosmology: observations, Galaxy: general, methods: observational, stars: general, surveys, Astrophysics},
         year = 2019,
        month = mar,
       volume = {873},
       number = {2},
          eid = {111},
        pages = {111},
          doi = {10.3847/1538-4357/ab042c},
archivePrefix = {arXiv},
       eprint = {0805.2366},
 primaryClass = {astro-ph},
       adsurl = {https://ui.adsabs.harvard.edu/abs/2019ApJ...873..111I},
      adsnote = {Provided by the SAO/NASA Astrophysics Data System}
}


@ARTICLE{2019PASP..131c8002M,
       author = {{Mahabal}, Ashish and {Rebbapragada}, Umaa and {Walters}, Richard and {Masci}, Frank J. and {Blagorodnova}, Nadejda and {van Roestel}, Jan and {Ye}, Quan-Zhi and {Biswas}, Rahul and {Burdge}, Kevin and {Chang}, Chan-Kao and {Duev}, Dmitry A. and {Golkhou}, V. Zach and {Miller}, Adam A. and {Nordin}, Jakob and {Ward}, Charlotte and {Adams}, Scott and {Bellm}, Eric C. and {Branton}, Doug and {Bue}, Brian and {Cannella}, Chris and {Connolly}, Andrew and {Dekany}, Richard and {Feindt}, Ulrich and {Hung}, Tiara and {Fortson}, Lucy and {Frederick}, Sara and {Fremling}, C. and {Gezari}, Suvi and {Graham}, Matthew and {Groom}, Steven and {Kasliwal}, Mansi M. and {Kulkarni}, Shrinivas and {Kupfer}, Thomas and {Lin}, Hsing Wen and {Lintott}, Chris and {Lunnan}, Ragnhild and {Parejko}, John and {Prince}, Thomas A. and {Riddle}, Reed and {Rusholme}, Ben and {Saunders}, Nicholas and {Sedaghat}, Nima and {Shupe}, David L. and {Singer}, Leo P. and {Soumagnac}, Maayane T. and {Szkody}, Paula and {Tachibana}, Yutaro and {Tirumala}, Kushal and {van Velzen}, Sjoert and {Wright}, Darryl},
        title = "{Machine Learning for the Zwicky Transient Facility}",
      journal = {\pasp},
     keywords = {Astrophysics - Instrumentation and Methods for Astrophysics},
         year = 2019,
        month = mar,
       volume = {131},
       number = {997},
        pages = {038002},
          doi = {10.1088/1538-3873/aaf3fa},
archivePrefix = {arXiv},
       eprint = {1902.01936},
 primaryClass = {astro-ph.IM},
       adsurl = {https://ui.adsabs.harvard.edu/abs/2019PASP..131c8002M},
      adsnote = {Provided by the SAO/NASA Astrophysics Data System}
}

@article{lecun1989generalization,
  title={Generalization and network design strategies},
  author={LeCun, Yann and others},
  journal={Connectionism in perspective},
  volume={19},
  pages={143--155},
  year={1989},
  publisher={Elsevier Zurich, Switzerland}
}

 @article{LeCun_Bengio_Hinton_2015, 
    title={Deep learning}, 
    volume={521}, url={http://dx.doi.org/10.1038/nature14539}, DOI={10.1038/nature14539}, 
    number={7553}, 
    journal={Nature}, 
    publisher={Springer Science and Business Media LLC}, 
    author={LeCun, Yann and Bengio, Yoshua and Hinton, Geoffrey}, 
    year={2015}, 
    month={May}, 
    pages={436–444}
}, 
    
    
@article{Dieleman_2015,
   title={Rotation-invariant convolutional neural networks for galaxy morphology prediction},
   volume={450},
   ISSN={0035-8711},
   url={http://dx.doi.org/10.1093/mnras/stv632},
   DOI={10.1093/mnras/stv632},
   number={2},
   journal={Monthly Notices of the Royal Astronomical Society},
   publisher={Oxford University Press (OUP)},
   author={Dieleman, Sander and Willett, Kyle W. and Dambre, Joni},
   year={2015},
   month={Apr},
   pages={1441–1459}
}


@article{LeNail2019,
  doi = {10.21105/joss.00747},
  url = {https://doi.org/10.21105/joss.00747},
  year = {2019},
  publisher = {The Open Journal},
  volume = {4},
  number = {33},
  pages = {747},
  author = {Alexander LeNail},
  title = {NN-SVG: Publication-Ready Neural Network Architecture Schematics},
  journal = {Journal of Open Source Software}
}

@article{Abbott_2018,
   title={The Dark Energy Survey: Data Release 1},
   volume={239},
   ISSN={1538-4365},
   url={http://dx.doi.org/10.3847/1538-4365/aae9f0},
   DOI={10.3847/1538-4365/aae9f0},
   number={2},
   journal={The Astrophysical Journal Supplement Series},
   publisher={American Astronomical Society},
   author={Abbott, T. M. C. and Abdalla, F. B. and Allam, S. and Amara, A. and Annis, J. and Asorey, J. and Avila, S. and Ballester, O. and Banerji, M. and Barkhouse, W. and et al.},
   year={2018},
   month={Nov},
   pages={18}
}

@article{Morganson_2018,
   title={The Dark Energy Survey Image Processing Pipeline},
   volume={130},
   ISSN={1538-3873},
   url={http://dx.doi.org/10.1088/1538-3873/aab4ef},
   DOI={10.1088/1538-3873/aab4ef},
   number={989},
   journal={Publications of the Astronomical Society of the Pacific},
   publisher={IOP Publishing},
   author={Morganson, E. and Gruendl, R. A. and Menanteau, F. and Kind, M. Carrasco and Chen, Y.-C. and Daues, G. and Drlica-Wagner, A. and Friedel, D. N. and Gower, M. and Johnson, M. W. G. and et al.},
   year={2018},
   month={May},
   pages={074501}
}



@article{Kim_2016,
   title={Star–galaxy classification using deep convolutional neural networks},
   volume={464},
   ISSN={1365-2966},
   url={http://dx.doi.org/10.1093/mnras/stw2672},
   DOI={10.1093/mnras/stw2672},
   number={4},
   journal={Monthly Notices of the Royal Astronomical Society},
   publisher={Oxford University Press (OUP)},
   author={Kim, Edward J. and Brunner, Robert J.},
   year={2016},
   month={Oct},
   pages={4463–4475}
}

@article{PhysRevLett.120.141103,
  title = {Matching Matched Filtering with Deep Networks for Gravitational-Wave Astronomy},
  author = {Gabbard, Hunter and Williams, Michael and Hayes, Fergus and Messenger, Chris},
  journal = {Phys. Rev. Lett.},
  volume = {120},
  issue = {14},
  pages = {141103},
  numpages = {6},
  year = {2018},
  month = {Apr},
  publisher = {American Physical Society},
  doi = {10.1103/PhysRevLett.120.141103},
  url = {https://link.aps.org/doi/10.1103/PhysRevLett.120.141103}
}

@article{Bellm_2018,
	doi = {10.1088/1538-3873/aaecbe},
	url = {https://doi.org/10.1088/1538-3873/aaecbe},
	year = 2018,
	month = {dec},
	publisher = {{IOP} Publishing},
	volume = {131},
	number = {995},
	pages = {018002},
	author = {Eric C. Bellm and Shrinivas R. Kulkarni and Matthew J. Graham and Richard Dekany and Roger M. Smith and Reed Riddle and Frank J. Masci and George Helou and Thomas A. Prince and Scott M. Adams and C. Barbarino and Tom Barlow and James Bauer and Ron Beck and Justin Belicki and Rahul Biswas and Nadejda Blagorodnova and Dennis Bodewits and Bryce Bolin and Valery Brinnel and Tim Brooke and Brian Bue and Mattia Bulla and Rick Burruss and S. Bradley Cenko and Chan-Kao Chang and Andrew Connolly and Michael Coughlin and John Cromer and Virginia Cunningham and Kishalay De and Alex Delacroix and Vandana Desai and Dmitry A. Duev and Gwendolyn Eadie and Tony L. Farnham and Michael Feeney and Ulrich Feindt and David Flynn and Anna Franckowiak and S. Frederick and C. Fremling and Avishay Gal-Yam and Suvi Gezari and Matteo Giomi and Daniel A. Goldstein and V. Zach Golkhou and Ariel Goobar and Steven Groom and Eugean Hacopians and David Hale and John Henning and Anna Y. Q. Ho and David Hover and Justin Howell and Tiara Hung and Daniela Huppenkothen and David Imel and Wing-Huen Ip and {\v{Z}}eljko Ivezi{\'{c}} and Edward Jackson and Lynne Jones and Mario Juric and Mansi M. Kasliwal and S. Kaspi and Stephen Kaye and Michael S. P. Kelley and Marek Kowalski and Emily Kramer and Thomas Kupfer and Walter Landry and Russ R. Laher and Chien-De Lee and Hsing Wen Lin and Zhong-Yi Lin and Ragnhild Lunnan and Matteo Giomi and Ashish Mahabal and Peter Mao and Adam A. Miller and Serge Monkewitz and Patrick Murphy and Chow-Choong Ngeow and Jakob Nordin and Peter Nugent and Eran Ofek and Maria T. Patterson and Bryan Penprase and Michael Porter and Ludwig Rauch and Umaa Rebbapragada and Dan Reiley and Mickael Rigault and Hector Rodriguez and Jan van Roestel and Ben Rusholme and Jakob van Santen and S. Schulze and David L. Shupe and Leo P. Singer and Maayane T. Soumagnac and Robert Stein and Jason Surace and Jesper Sollerman and Paula Szkody and F. Taddia and Scott Terek and Angela Van Sistine and Sjoert van Velzen and W. Thomas Vestrand and Richard Walters and Charlotte Ward and Quan-Zhi Ye and Po-Chieh Yu and Lin Yan and Jeffry Zolkower},
	title = {The Zwicky Transient Facility: System Overview, Performance, and First Results},
	journal = {Publications of the Astronomical Society of the Pacific},
	abstract = {The Zwicky Transient Facility (ZTF) is a new optical time-domain survey that uses the Palomar 48 inch Schmidt telescope. A custom-built wide-field camera provides a 47 deg2 field of view and 8 s readout time, yielding more than an order of magnitude improvement in survey speed relative to its predecessor survey, the Palomar Transient Factory. We describe the design and implementation of the camera and observing system. The ZTF data system at the Infrared Processing and Analysis Center provides near-real-time reduction to identify moving and varying objects. We outline the analysis pipelines, data products, and associated archive. Finally, we present on-sky performance analysis and first scientific results from commissioning and the early survey. ZTF’s public alert stream will serve as a useful precursor for that of the Large Synoptic Survey Telescope.}
}


@article{Gunn_2006,
   title={The 2.5 m Telescope of the Sloan Digital Sky Survey},
   volume={131},
   ISSN={1538-3881},
   url={http://dx.doi.org/10.1086/500975},
   DOI={10.1086/500975},
   number={4},
   journal={The Astronomical Journal},
   publisher={American Astronomical Society},
   author={Gunn, James E. and Siegmund, Walter A. and Mannery, Edward J. and Owen, Russell E. and Hull, Charles L. and Leger, R. French and Carey, Larry N. and Knapp, Gillian R. and York, Donald G. and Boroski, William N. and et al.},
   year={2006},
   month={Apr},
   pages={2332–2359}
}



@misc{simonyan2014deep,
      title={Deep Inside Convolutional Networks: Visualising Image Classification Models and Saliency Maps}, 
      author={Karen Simonyan and Andrea Vedaldi and Andrew Zisserman},
      year={2014},
      eprint={1312.6034},
      archivePrefix={arXiv},
      primaryClass={cs.CV}
}
@article{hernandez2012unified,
  title={A unified view of performance metrics: Translating threshold choice into expected classification loss},
  author={Hern{\'a}ndez-Orallo, Jos{\'e} and Flach, Peter and Ferri Ram{\'\i}rez, C{\'e}sar},
  journal={Journal of Machine Learning Research},
  volume={13},
  pages={2813--2869},
  year={2012},
  publisher={Microtome Publishing}
}

@article{hanley1983method,
  title={A method of comparing the areas under receiver operating characteristic curves derived from the same cases.},
  author={Hanley, James A and McNeil, Barbara J},
  journal={Radiology},
  volume={148},
  number={3},
  pages={839--843},
  year={1983}
}

@article{ivezic2019lsst,
  title={LSST: from science drivers to reference design and anticipated data products},
  author={Ivezi{\'c}, {\v{Z}}eljko and Kahn, Steven M and Tyson, J Anthony and Abel, Bob and Acosta, Emily and Allsman, Robyn and Alonso, David and AlSayyad, Yusra and Anderson, Scott F and Andrew, John and others},
  journal={The Astrophysical Journal},
  volume={873},
  number={2},
  pages={111},
  year={2019},
  publisher={IOP Publishing}
}

@article{abolfathi2021lsst,
  title={The LSST DESC DC2 Simulated Sky Survey},
  author={Abolfathi, Bela and Alonso, David and Armstrong, Robert and Aubourg, {\'E}ric and Awan, Humna and Babuji, Yadu N and Bauer, Franz Erik and Bean, Rachel and Beckett, George and Biswas, Rahul and others},
  journal={The Astrophysical Journal Supplement Series},
  volume={253},
  number={1},
  pages={31},
  year={2021},
  publisher={IOP Publishing}
}

@article{richards2018leveraging,
  title={Leveraging Differential Chromatic Refraction in LSST},
  author={Richards, Gordon and Peters, Christina and Martin, Bee and Bauer, Franz E},
  year={2018}
}

@article{bloom2012automating,
  title={Automating discovery and classification of transients and variable stars in the synoptic survey era},
  author={Bloom, JS and Richards, JW and Nugent, PE and Quimby, RM and Kasliwal, MM and Starr, DL and Poznanski, D and Ofek, EO and Cenko, SB and Butler, NR and others},
  journal={Publications of the Astronomical Society of the Pacific},
  volume={124},
  number={921},
  pages={1175},
  year={2012},
  publisher={IOP Publishing}
}

@ARTICLE{2018ApJS..235...33D,
       author = {{Drlica-Wagner}, A. and {Sevilla-Noarbe}, I. and {Rykoff}, E.~S. and {Gruendl}, R.~A. and {Yanny}, B. and {Tucker}, D.~L. and {Hoyle}, B. and {Carnero Rosell}, A. and {Bernstein}, G.~M. and {Bechtol}, K. and {Becker}, M.~R. and {Benoit-L{\'e}vy}, A. and {Bertin}, E. and {Carrasco Kind}, M. and {Davis}, C. and {de Vicente}, J. and {Diehl}, H.~T. and {Gruen}, D. and {Hartley}, W.~G. and {Leistedt}, B. and {Li}, T.~S. and {Marshall}, J.~L. and {Neilsen}, E. and {Rau}, M.~M. and {Sheldon}, E. and {Smith}, J. and {Troxel}, M.~A. and {Wyatt}, S. and {Zhang}, Y. and {Abbott}, T.~M.~C. and {Abdalla}, F.~B. and {Allam}, S. and {Banerji}, M. and {Brooks}, D. and {Buckley-Geer}, E. and {Burke}, D.~L. and {Capozzi}, D. and {Carretero}, J. and {Cunha}, C.~E. and {D'Andrea}, C.~B. and {da Costa}, L.~N. and {DePoy}, D.~L. and {Desai}, S. and {Dietrich}, J.~P. and {Doel}, P. and {Evrard}, A.~E. and {Fausti Neto}, A. and {Flaugher}, B. and {Fosalba}, P. and {Frieman}, J. and {Garc{\'\i}a-Bellido}, J. and {Gerdes}, D.~W. and {Giannantonio}, T. and {Gschwend}, J. and {Gutierrez}, G. and {Honscheid}, K. and {James}, D.~J. and {Jeltema}, T. and {Kuehn}, K. and {Kuhlmann}, S. and {Kuropatkin}, N. and {Lahav}, O. and {Lima}, M. and {Lin}, H. and {Maia}, M.~A.~G. and {Martini}, P. and {McMahon}, R.~G. and {Melchior}, P. and {Menanteau}, F. and {Miquel}, R. and {Nichol}, R.~C. and {Ogando}, R.~L.~C. and {Plazas}, A.~A. and {Romer}, A.~K. and {Roodman}, A. and {Sanchez}, E. and {Scarpine}, V. and {Schindler}, R. and {Schubnell}, M. and {Smith}, M. and {Smith}, R.~C. and {Soares-Santos}, M. and {Sobreira}, F. and {Suchyta}, E. and {Tarle}, G. and {Vikram}, V. and {Walker}, A.~R. and {Wechsler}, R.~H. and {Zuntz}, J. and {DES Collaboration}},
        title = "{Dark Energy Survey Year 1 Results: The Photometric Data Set for Cosmology}",
      journal = {\apjs},
     keywords = {catalogs, cosmology: observations, surveys, techniques: image processing, techniques: photometric, Astrophysics - Cosmology and Nongalactic Astrophysics, Astrophysics - Instrumentation and Methods for Astrophysics},
         year = 2018,
        month = apr,
       volume = {235},
       number = {2},
          eid = {33},
        pages = {33},
          doi = {10.3847/1538-4365/aab4f5},
archivePrefix = {arXiv},
       eprint = {1708.01531},
 primaryClass = {astro-ph.CO},
       adsurl = {https://ui.adsabs.harvard.edu/abs/2018ApJS..235...33D},
      adsnote = {Provided by the SAO/NASA Astrophysics Data System}
}

@inproceedings{ho1995random,
  title={Random decision forests},
  author={Ho, Tin Kam},
  booktitle={Proceedings of 3rd international conference on document analysis and recognition},
  volume={1},
  pages={278--282},
  year={1995},
  organization={IEEE}
}

@article{astropy:2013,
Adsnote = {Provided by the SAO/NASA Astrophysics Data System},
Adsurl = {http://adsabs.harvard.edu/abs/2013A%26A...558A..33A},
Archiveprefix = {arXiv},
Author = {{Astropy Collaboration} and {Robitaille}, T.~P. and {Tollerud}, E.~J. and {Greenfield}, P. and {Droettboom}, M. and {Bray}, E. and {Aldcroft}, T. and {Davis}, M. and {Ginsburg}, A. and {Price-Whelan}, A.~M. and {Kerzendorf}, W.~E. and {Conley}, A. and {Crighton}, N. and {Barbary}, K. and {Muna}, D. and {Ferguson}, H. and {Grollier}, F. and {Parikh}, M.~M. and {Nair}, P.~H. and {Unther}, H.~M. and {Deil}, C. and {Woillez}, J. and {Conseil}, S. and {Kramer}, R. and {Turner}, J.~E.~H. and {Singer}, L. and {Fox}, R. and {Weaver}, B.~A. and {Zabalza}, V. and {Edwards}, Z.~I. and {Azalee Bostroem}, K. and {Burke}, D.~J. and {Casey}, A.~R. and {Crawford}, S.~M. and {Dencheva}, N. and {Ely}, J. and {Jenness}, T. and {Labrie}, K. and {Lim}, P.~L. and {Pierfederici}, F. and {Pontzen}, A. and {Ptak}, A. and {Refsdal}, B. and {Servillat}, M. and {Streicher}, O.},
Doi = {10.1051/0004-6361/201322068},
Eid = {A33},
Eprint = {1307.6212},
Journal = {\aap},
Keywords = {methods: data analysis, methods: miscellaneous, virtual observatory tools},
Month = oct,
Pages = {A33},
Primaryclass = {astro-ph.IM},
Title = {{Astropy: A community Python package for astronomy}},
Volume = 558,
Year = 2013,
Bdsk-Url-1 = {https://dx.doi.org/10.1051/0004-6361/201322068}}

@ARTICLE{astropy:2018,
       author = {{Astropy Collaboration} and {Price-Whelan}, A.~M. and
         {Sip{\H{o}}cz}, B.~M. and {G{\"u}nther}, H.~M. and {Lim}, P.~L. and
         {Crawford}, S.~M. and {Conseil}, S. and {Shupe}, D.~L. and
         {Craig}, M.~W. and {Dencheva}, N. and {Ginsburg}, A. and {Vand
        erPlas}, J.~T. and {Bradley}, L.~D. and {P{\'e}rez-Su{\'a}rez}, D. and
         {de Val-Borro}, M. and {Aldcroft}, T.~L. and {Cruz}, K.~L. and
         {Robitaille}, T.~P. and {Tollerud}, E.~J. and {Ardelean}, C. and
         {Babej}, T. and {Bach}, Y.~P. and {Bachetti}, M. and {Bakanov}, A.~V. and
         {Bamford}, S.~P. and {Barentsen}, G. and {Barmby}, P. and
         {Baumbach}, A. and {Berry}, K.~L. and {Biscani}, F. and {Boquien}, M. and
         {Bostroem}, K.~A. and {Bouma}, L.~G. and {Brammer}, G.~B. and
         {Bray}, E.~M. and {Breytenbach}, H. and {Buddelmeijer}, H. and
         {Burke}, D.~J. and {Calderone}, G. and {Cano Rodr{\'\i}guez}, J.~L. and
         {Cara}, M. and {Cardoso}, J.~V.~M. and {Cheedella}, S. and {Copin}, Y. and
         {Corrales}, L. and {Crichton}, D. and {D'Avella}, D. and {Deil}, C. and
         {Depagne}, {\'E}. and {Dietrich}, J.~P. and {Donath}, A. and
         {Droettboom}, M. and {Earl}, N. and {Erben}, T. and {Fabbro}, S. and
         {Ferreira}, L.~A. and {Finethy}, T. and {Fox}, R.~T. and
         {Garrison}, L.~H. and {Gibbons}, S.~L.~J. and {Goldstein}, D.~A. and
         {Gommers}, R. and {Greco}, J.~P. and {Greenfield}, P. and
         {Groener}, A.~M. and {Grollier}, F. and {Hagen}, A. and {Hirst}, P. and
         {Homeier}, D. and {Horton}, A.~J. and {Hosseinzadeh}, G. and {Hu}, L. and
         {Hunkeler}, J.~S. and {Ivezi{\'c}}, {\v{Z}}. and {Jain}, A. and
         {Jenness}, T. and {Kanarek}, G. and {Kendrew}, S. and {Kern}, N.~S. and
         {Kerzendorf}, W.~E. and {Khvalko}, A. and {King}, J. and {Kirkby}, D. and
         {Kulkarni}, A.~M. and {Kumar}, A. and {Lee}, A. and {Lenz}, D. and
         {Littlefair}, S.~P. and {Ma}, Z. and {Macleod}, D.~M. and
         {Mastropietro}, M. and {McCully}, C. and {Montagnac}, S. and
         {Morris}, B.~M. and {Mueller}, M. and {Mumford}, S.~J. and {Muna}, D. and
         {Murphy}, N.~A. and {Nelson}, S. and {Nguyen}, G.~H. and
         {Ninan}, J.~P. and {N{\"o}the}, M. and {Ogaz}, S. and {Oh}, S. and
         {Parejko}, J.~K. and {Parley}, N. and {Pascual}, S. and {Patil}, R. and
         {Patil}, A.~A. and {Plunkett}, A.~L. and {Prochaska}, J.~X. and
         {Rastogi}, T. and {Reddy Janga}, V. and {Sabater}, J. and
         {Sakurikar}, P. and {Seifert}, M. and {Sherbert}, L.~E. and
         {Sherwood-Taylor}, H. and {Shih}, A.~Y. and {Sick}, J. and
         {Silbiger}, M.~T. and {Singanamalla}, S. and {Singer}, L.~P. and
         {Sladen}, P.~H. and {Sooley}, K.~A. and {Sornarajah}, S. and
         {Streicher}, O. and {Teuben}, P. and {Thomas}, S.~W. and
         {Tremblay}, G.~R. and {Turner}, J.~E.~H. and {Terr{\'o}n}, V. and
         {van Kerkwijk}, M.~H. and {de la Vega}, A. and {Watkins}, L.~L. and
         {Weaver}, B.~A. and {Whitmore}, J.~B. and {Woillez}, J. and
         {Zabalza}, V. and {Astropy Contributors}},
        title = "{The Astropy Project: Building an Open-science Project and Status of the v2.0 Core Package}",
      journal = {\aj},
     keywords = {methods: data analysis, methods: miscellaneous, methods: statistical, reference systems, Astrophysics - Instrumentation and Methods for Astrophysics},
         year = 2018,
        month = sep,
       volume = {156},
       number = {3},
          eid = {123},
        pages = {123},
          doi = {10.3847/1538-3881/aabc4f},
archivePrefix = {arXiv},
       eprint = {1801.02634},
 primaryClass = {astro-ph.IM},
       adsurl = {https://ui.adsabs.harvard.edu/abs/2018AJ....156..123A},
      adsnote = {Provided by the SAO/NASA Astrophysics Data System}
}

@Article{         harris2020array,
 title         = {Array programming with {NumPy}},
 author        = {Charles R. Harris and K. Jarrod Millman and St{\'{e}}fan J.
                 van der Walt and Ralf Gommers and Pauli Virtanen and David
                 Cournapeau and Eric Wieser and Julian Taylor and Sebastian
                 Berg and Nathaniel J. Smith and Robert Kern and Matti Picus
                 and Stephan Hoyer and Marten H. van Kerkwijk and Matthew
                 Brett and Allan Haldane and Jaime Fern{\'{a}}ndez del
                 R{\'{i}}o and Mark Wiebe and Pearu Peterson and Pierre
                 G{\'{e}}rard-Marchant and Kevin Sheppard and Tyler Reddy and
                 Warren Weckesser and Hameer Abbasi and Christoph Gohlke and
                 Travis E. Oliphant},
 year          = {2020},
 month         = sep,
 journal       = {Nature},
 volume        = {585},
 number        = {7825},
 pages         = {357--362},
 doi           = {10.1038/s41586-020-2649-2},
 publisher     = {Springer Science and Business Media {LLC}},
 url           = {https://doi.org/10.1038/s41586-020-2649-2}
}

@misc{reback2020pandas,
    author       = {The pandas development team},
    title        = {pandas-dev/pandas: Pandas},
    month        = feb,
    year         = 2020,
    publisher    = {Zenodo},
    version      = {latest},
    doi          = {10.5281/zenodo.3509134},
    url          = {https://doi.org/10.5281/zenodo.3509134}
}

@InProceedings{ mckinney-proc-scipy-2010,
  author    = { {W}es {M}c{K}inney },
  title     = { {D}ata {S}tructures for {S}tatistical {C}omputing in {P}ython },
  booktitle = { {P}roceedings of the 9th {P}ython in {S}cience {C}onference },
  pages     = { 56 - 61 },
  year      = { 2010 },
  editor    = { {S}t\'efan van der {W}alt and {J}arrod {M}illman },
  doi       = { 10.25080/Majora-92bf1922-00a }
}


@Article{Hunter:2007,
  Author    = {Hunter, J. D.},
  Title     = {Matplotlib: A 2D graphics environment},
  Journal   = {Computing in Science \& Engineering},
  Volume    = {9},
  Number    = {3},
  Pages     = {90--95},
  abstract  = {Matplotlib is a 2D graphics package used for Python for
  application development, interactive scripting, and publication-quality
  image generation across user interfaces and operating systems.},
  publisher = {IEEE COMPUTER SOC},
  doi       = {10.1109/MCSE.2007.55},
  year      = 2007
}

@misc{tensorflow2015-whitepaper,
title={ {TensorFlow}: Large-Scale Machine Learning on Heterogeneous Systems},
url={https://www.tensorflow.org/},
note={Software available from tensorflow.org},
author={
    Mart\'{\i}n~Abadi and
    Ashish~Agarwal and
    Paul~Barham and
    Eugene~Brevdo and
    Zhifeng~Chen and
    Craig~Citro and
    Greg~S.~Corrado and
    Andy~Davis and
    Jeffrey~Dean and
    Matthieu~Devin and
    Sanjay~Ghemawat and
    Ian~Goodfellow and
    Andrew~Harp and
    Geoffrey~Irving and
    Michael~Isard and
    Yangqing Jia and
    Rafal~Jozefowicz and
    Lukasz~Kaiser and
    Manjunath~Kudlur and
    Josh~Levenberg and
    Dandelion~Man\'{e} and
    Rajat~Monga and
    Sherry~Moore and
    Derek~Murray and
    Chris~Olah and
    Mike~Schuster and
    Jonathon~Shlens and
    Benoit~Steiner and
    Ilya~Sutskever and
    Kunal~Talwar and
    Paul~Tucker and
    Vincent~Vanhoucke and
    Vijay~Vasudevan and
    Fernanda~Vi\'{e}gas and
    Oriol~Vinyals and
    Pete~Warden and
    Martin~Wattenberg and
    Martin~Wicke and
    Yuan~Yu and
    Xiaoqiang~Zheng},
  year={2015},
}

@article{Waskom2021,
    doi = {10.21105/joss.03021},
    url = {https://doi.org/10.21105/joss.03021},
    year = {2021},
    publisher = {The Open Journal},
    volume = {6},
    number = {60},
    pages = {3021},
    author = {Michael L. Waskom},
    title = {seaborn: statistical data visualization},
    journal = {Journal of Open Source Software}
 }
 
 @online{chollet2015keras,
  title={Keras},
  author={Chollet, Francois and others},
  year={2015},
  publisher={GitHub},
  url={https://github.com/fchollet/keras},
} 